@article{schnell2022nephron,
	title = {Principles of human and mouse nephron development},
	volume = {18},
	number = {10},
	journal = {Nature Reviews Nephrology},
	author = {Schnell, J. and Achieng, M. and Lindström, N.O.},
	year = {2022},
	pages = {628–-642},
	url = {https://doi.org/10.1038/s41581-022-00598-5}
}
@article{gonzalez2019sglt5,
	title = {Fructose reabsorption by rat proximal tubules role of $Na^+$-linked cotransporters and the effect of dietary fructose}, 
	volume = {316}, 
	number = {3},
	journal = {American Journal of Physiology Renal Physiology}, 
	author = {Gonzalez-Vicente, A. and Cabral, P. D. and Hong, N. J. and Asirwatham, J. and Saez, F. and Garvin, J. L.}, 
	year = {2019},
	pages = {F473–-F480},
	url = {https://doi.org/10.1152/ajprenal.00247.2018}
}
@article{gonzalez2017angii,
	title = {Dietary Fructose Enhances the Ability of Low Concentrations of Angiotensin II to Stimulate Proximal Tubule $Na^+$ Reabsorption}, 
	volume = {9}, 
	number = {8},
	journal = {Nutrients}, 
	author = {Gonzalez-Vicente, A. and Cabral, P. D. and Hong, N. J. and Asirwatham, J. and Yang, N. and Berthiaume, J. M. and Dominici, F.P. and Garvin, J. L.}, 
	year = {2017},
	pages = {885},
	url = {https://doi.org/10.3390/nu9080885}
}
@article{boldogkHoi2019long,
  title = {Long-read sequencing--a powerful tool in viral transcriptome research},
  author = {Boldogk{\H{o}}i, Zsolt and Moldov{\'a}n, Norbert and Bal{\'a}zs, Zsolt and Snyder, Michael and Tomb{\'a}cz, D{\'o}ra},
  journal = {Trends in microbiology},
  volume = {27},
  number = {7},
  pages = {578--592},
  year = {2019},
  publisher = {Elsevier},
  url = {https://doi.org/10.1016/j.tim.2019.01.010}
}
@article{langfelder2008wgcna,
  title = {WGCNA: an R package for weighted correlation network analysis},
  author = {Langfelder, Peter and Horvath, Steve},
  journal = {BMC bioinformatics},
  volume = {9},
  number = {1},
  pages = {1--13},
  year = {2008},
  publisher = {BioMed Central},
  url = {https://doi.org/10.1186/1471-2105-9-559}
}
@article{zhang2005general,
  title = {A general framework for weighted gene co-expression network analysis},
  author = {Zhang, Bin and Horvath, Steve},
  journal = {Statistical applications in genetics and molecular biology},
  volume = {4},
  number = {1},
  year = {2005},
  publisher = {De Gruyter},
  url = {https://doi.org/10.2202/1544-6115.1128}
}
@article{poulsen2018rna,
  title = {RNA sequencing of kidney distal tubule cells reveals multiple mediators of chronic aldosterone action},
  author = {Poulsen, S{\o}ren Brandt and Limbutara, Kavee and Fenton, Robert A and Pisitkun, Trairak and Christensen, Birgitte M{\o}nster},
  journal = {Physiological genomics},
  volume = {50},
  number = {5},
  pages = {343--354},
  year = {2018},
  publisher = {American Physiological Society Bethesda, MD},
  url = {https://doi.org/10.1152/physiolgenomics.00084.2017}
}
@article{delhaye2018neural,
  title = {Neural basis of touch and proprioception in primate cortex},
  author = {Delhaye, Benoit P and Long, Katie H and Bensmaia, Sliman J},
  journal = {Comprehensive Physiology},
  volume = {8},
  number = {4},
  pages = {1575},
  year = {2018},
  publisher = {NIH Public Access},
  url = {https://doi.org/10.1002/cphy.c170033}
}
@book{taal2011brenner,
  title = {Brenner and Rector's The Kidney},
  author = {Taal, Maarten W and Chertow, Glenn M and Marsden, Philip A and Skorecki, Karl and Alan, SL and Brenner, Barry M},
  year = {2011},
  publisher = {Elsevier Health Sciences}
}
@book{wixted2018stevens,
  title = {Stevens' Handbook of Experimental Psychology and Cognitive Neuroscience, Sensation, Perception, and Attention},
  author = {Wixted, John T and Serences, John},
  volume = {2},
  year = {2018},
  publisher = {John Wiley \& Sons}
}
@misc{changlabfig, 
  title = {Brain-Computer Interface (BCI) Restoration of Arm and Voice (BRAVO) Clinical Trial }, 
  author = {Chang-Lab},
  url = {https://changlab.ucsf.edu/overview}
} 